@article{sato,
  title={An{\'a}lise Comparativa de Desempenho de um algoritmo Paralelo implementado nas Linguagens de Programa{\c{c}}{\~a}o CPAR e OpenMP},
  author={Sato, Liria Matsumoto}
  year={2004}
}

@article{tutopenmp,
  title={Tutorial OpenMP C/C++},
  author={Costa, J and Sena, M},
  journal={Laborat{\'o}rio de Computa{\c{c}}{\~a}o Cient{\'\i}fica e Visualiza{\c{c}}{\~a}o, Macei{\'o}, AL},
  volume={1},
  year={2008}
}


@misc{william,
  title={Arquitetura e Organiza{\c{c}}{\~a}o de Computadores},
  author={William, Stallings},
  year={2010},
  publisher={Pearson Pratice Hall}
}

@article{cython,
  title={Cython: The best of both worlds},
  author={Behnel, Stefan and Bradshaw, Robert and Citro, Craig and Dalcin, Lisandro and Seljebotn, Dag Sverre and Smith, Kurt},
  journal={Computing in Science \& Engineering},
  volume={13},
  number={2},
  pages={31--39},
  year={2011},
  publisher={AIP Publishing}
}


